@InProceedings{rao2018gyafc,
  author = {Rao, Sudha and Tetreault, Joel},
  title = {Dear Sir or Madam, May I Introduce the GYAFC Dataset: Corpus, Benchmarks and Metrics for Formality Style Transfer},
  booktitle = {Proceedings of the 2018 Conference of the North American Chapter of the Association for Computational Linguistics: Human Language Technologies, Volume 1 (Long Papers)},
  year = {2018},
  publisher = {Association for Computational Linguistics},
  pages = {129--140},
  location = {New Orleans, Louisiana},
  doi = {10.18653/v1/N18-1012},
  url = {http://aclweb.org/anthology/N18-1012}
}

@article{pavlick2016empirical, 
    title = {An Empirical Analysis of Formality in Online Communication}, 
    volume = {4}, 
    DOI = {10.1162/tacl_a_00083}, 
    journal = {Transactions of the Association for Computational Linguistics}, 
    author = {Pavlick, Ellie and Tetreault, Joel}, 
    year = {2016}, 
    pages = {61–74}
} 

@article{jhamtani2017copy, 
    title = {Shakespearizing Modern Language Using Copy-Enriched Sequence to Sequence Models}, 
    DOI = {10.18653/v1/w17-4902}, 
    journal = {Proceedings of the Workshop on Stylistic Variation}, 
    author = {Jhamtani, Harsh and Gangal, Varun and Hovy, Eduard and Nyberg, Eric}, 
    year = {2017}
} 

@article{bahdanau2015attention,
  author = {Bahdanau, Dzmitry and Cho, Kyunghyun and Bengio, Yoshua},
  title = {Neural Machine Translation by Jointly Learning to Align and Translate},
  url = {http://arxiv.org/abs/1409.0473},
  year = 2015,
  journal = {The International Conference on Learning Representations}
}

@inproceedings{heylighen1999formality,
  title={Formality of Language: definition, measurement and behavioral determinants},
  author={Heylighen, Francis and Dewaele, Jean-Marc},
  year={1999},
  booktitle={Internal Report, Center "Leo Apostel", Free University of Brussels}
}

@article{lahiri2015squinky,
  author    = {Lahiri, Shibamouli},
  title     = {SQUINKY! {A} Corpus of Sentence-level Formality, Informativeness,
               and Implicature},
  journal   = {CoRR},
  volume    = {abs/1506.02306},
  year      = {2015},
  url       = {http://arxiv.org/abs/1506.02306},
  archivePrefix = {arXiv},
  eprint    = {1506.02306}
}

@inproceedings{fang2009adjective,
  title={Adjective Density as a Text Formality Characteristic for Automatic Text Classification: A Study Based on the British National Corpus},
  author={Fang, Alex Chengyu and Cao, Jing},
  booktitle={PACLIC},
  year={2009}
}

@inproceedings{lahiri2011informality,
 author = {Lahiri, Shibamouli and Mitra, Prasenjit and Lu, Xiaofei},
 title = {Informality Judgment at Sentence Level and Experiments with Formality Score},
 booktitle = {Proceedings of the 12th International Conference on Computational Linguistics and Intelligent Text Processing - Volume Part II},
 series = {CICLing'11},
 year = {2011},
 isbn = {978-3-642-19436-8},
 pages = {446--457},
 numpages = {12},
 url = {http://dl.acm.org/citation.cfm?id=1964750.1964792},
 acmid = {1964792},
 publisher = {Springer-Verlag}
} 

@inproceedings{sheikha2011generation,
  title={Generation of Formal and Informal Sentences},
  author={Fadi Abu Sheikha and Diana Inkpen},
  booktitle={ENLG},
  year={2011}
}

@inproceedings{dempsey2007using,
  title={Using Phrasal Verbs as an Index to Distinguish Text Genres},
  author={Kyle B. Dempsey and Philip M. McCarthy and Danielle S. McNamara},
  booktitle={FLAIRS Conference},
  year={2007}
}

@inproceedings{koehn2003statistical,
  title={Statistical Phrase-Based Translation},
  author={Philipp Koehn and Franz Josef Och and Daniel Marcu},
  journal={Proceedings of HLT-NAACL 2003 Main Papers},
  pages={48-54},
  year={2003}
}

@inproceedings{chiang2007hierarchical,
  title={Hierarchical Phrase-Based Translation},
  author={David Chiang},
  journal={Computational Linguistics},
  volume={33},
  issue={2},
  pages={201-228},
  year={2007}
}

@inproceedings{papineni2002bleu,
  title={BLEU: a Method for Automatic Evaluation of Machine Translation},
  author={Kishore Papineni and Salim Roukos and Todd Ward and Wei-Jing Zhu},
  journal={Proceedings of the 40th Annual Meeting of the Association for Computational Linguistics},
  year={2002}
}

@inproceedings{sutskever2014sequence,
  title={Sequence to Sequence Learning with Neural Networks},
  author={Ilya Sutskever and Oriol Vinyals and Quoc V. Le},
  journal={NIPS},
  year={2014}
}

@article{vaswani2018attention,
  author    = {Ashish Vaswani and
               Noam Shazeer and
               Niki Parmar and
               Jakob Uszkoreit and
               Llion Jones and
               Aidan N. Gomez and
               Lukasz Kaiser and
               Illia Polosukhin},
  title     = {Attention Is All You Need},
  journal   = {CoRR},
  volume    = {abs/1706.03762},
  year      = {2017},
  url       = {http://arxiv.org/abs/1706.03762}
}

@article{lample2018unsupervised,
  author    = {Guillaume Lample and
               Myle Ott and
               Alexis Conneau and
               Ludovic Denoyer and
               Marc'Aurelio Ranzato},
  title     = {Phrase-Based {\&} Neural Unsupervised Machine Translation},
  journal   = {CoRR},
  volume    = {abs/1804.07755},
  year      = {2018},
  url       = {http://arxiv.org/abs/1804.07755}
}

@article{gu2018meta,
  author    = {Jiatao Gu and
               Yong Wang and
               Yun Chen and
               Kyunghyun Cho and
               Victor O. K. Li},
  title     = {Meta-Learning for Low-Resource Neural Machine Translation},
  journal   = {CoRR},
  volume    = {abs/1808.08437},
  year      = {2018},
  url       = {http://arxiv.org/abs/1808.08437}
}

@article{edunov2018understanding,
  author    = {Sergey Edunov and
               Myle Ott and
               Michael Auli and
               David Grangier},
  title     = {Understanding Back-Translation at Scale},
  journal   = {CoRR},
  volume    = {abs/1808.09381},
  year      = {2018},
  url       = {http://arxiv.org/abs/1808.09381}
}

@inproceedings{finn2017agnostic,
  author    = {Chelsea Finn and Pieter Abbeel and Sergey Levine},
  title     = {Model-Agnostic Meta-Learning for Fast Adaptation of Deep Networks},
  journal   = {International Conference on Machine Learning},
  year      = {2017},
  url       = {http://arxiv.org/abs/1703.03400}
}

@article{2017opennmt,
  author = {Guillaume Klein and Yoon Kim and Yuntian Deng and Jean Senellart and Alexander M. Rush},
  title = {OpenNMT: Open-Source Toolkit for Neural Machine Translation},
  journal = {ArXiv e-prints},
  eprint = {1701.02810},
  year = {2017}
}

@incollection{vinyals2015pointer,
title = {Pointer Networks},
author = {Vinyals, Oriol and Fortunato, Meire and Jaitly, Navdeep},
booktitle = {Advances in Neural Information Processing Systems 28},
editor = {C. Cortes and N. D. Lawrence and D. D. Lee and M. Sugiyama and R. Garnett},
pages = {2692--2700},
year = {2015},
publisher = {Curran Associates, Inc.},
url = {http://papers.nips.cc/paper/5866-pointer-networks.pdf}
}

@inproceedings{melamud2015simple,
    title = "A Simple Word Embedding Model for Lexical Substitution",
    author = "Melamud, Oren  and
      Levy, Omer  and
      Dagan, Ido",
    booktitle = "Proceedings of the 1st Workshop on Vector Space Modeling for Natural Language Processing",
    month = jun,
    year = "2015",
    address = "Denver, Colorado",
    publisher = "Association for Computational Linguistics",
    url = "https://www.aclweb.org/anthology/W15-1501",
    doi = "10.3115/v1/W15-1501",
    pages = "1--7",
}

@inproceedings{paetzold2017lexical,
    title = "Lexical Simplification with Neural Ranking",
    author = "Paetzold, Gustavo  and
      Specia, Lucia",
    booktitle = "Proceedings of the 15th Conference of the {E}uropean Chapter of the Association for Computational Linguistics: Volume 2, Short Papers",
    month = apr,
    year = "2017",
    address = "Valencia, Spain",
    publisher = "Association for Computational Linguistics",
    url = "https://www.aclweb.org/anthology/E17-2006",
    pages = "34--40"
}

@article{li2018ner,
  author    = {Jing Li and
               Aixin Sun and
               Jianglei Han and
               Chenliang Li},
  title     = {A Survey on Deep Learning for Named Entity Recognition},
  journal   = {CoRR},
  volume    = {abs/1812.09449},
  year      = {2018},
  url       = {http://arxiv.org/abs/1812.09449},
  archivePrefix = {arXiv},
  eprint    = {1812.09449}
}

@article{ma2018stack,
  author    = {Xuezhe Ma and
               Zecong Hu and
               Jingzhou Liu and
               Nanyun Peng and
               Graham Neubig and
               Eduard H. Hovy},
  title     = {Stack-Pointer Networks for Dependency Parsing},
  journal   = {CoRR},
  volume    = {abs/1805.01087},
  year      = {2018},
  url       = {http://arxiv.org/abs/1805.01087},
  archivePrefix = {arXiv},
  eprint    = {1805.01087}
}

@inproceedings{dehertog2018deep,
    title = "Deep Learning Architecture for Complex Word Identification",
    author = "Dirk De Hertog and Anäıs Tack",
    booktitle = "Proceedings of the Thirteenth Workshop on Innovative Use of NLP for Building Educational Applications",
    month = jun,
    year = "2018",
    address = "New Orleans, Louisiana",
    publisher = "Association for Computational Linguistics",
    pages = "328--334"
}

@inproceedings{aroyehun2018complex,
    title = "Complex Word Identification: Convolutional Neural Network vs. Feature Engineering",
    author = "Segun Taofeek Aroyehun and Daniel Alejandro Perez Alvarez and Jason Angel and Alexander Gelbukh",
    booktitle = "Proceedings of the Thirteenth Workshop on Innovative Use of NLP for Building Educational Applications",
    month = jun,
    year = "2018",
    address = "New Orleans, Louisiana",
    publisher = "Association for Computational Linguistics",
    pages = "322--327"
}

@inproceedings{pennington2014glove,
author = {Pennington, Jeffrey and Socher, Richard and Manning, Christoper},
year = {2014},
month = {01},
pages = {1532-1543},
title = {Glove: Global Vectors for Word Representation},
volume = {14},
journal = {EMNLP},
doi = {10.3115/v1/D14-1162}
}

@misc{bnc,
    author = {BNC},
	title = {British National Corpus, version 3 {BNC} {XML} edition},
	lccn = {0000},
	url = {URL: http://www.natcorp.ox.ac.uk/},
	publisher = {British National Corpus Consortium},
	year = {2007}
}

@InProceedings{mikolov2013word2vec,
  author =              {Tomas Mikolov and Ilya Sutskever and Kai Chen and Greg Corrado and Jeffrey Dean},
  publisher =           {NIPS},
  title = 	            {Ditributed Representations of Words and Phrases and their Compositionality},
  year =                {2013},
  journal =             {NIPS'13 Proceedings of the 26th International Conference on Neural Information Processing Systems - Volume 2},
  pages =               {3111-3119}
}

@unpublished{acro20147lf,
author  = "Bering, Christian",
title   = "Word Informality",
year    = "2017",
note    = "Unpublished"
}

@misc{microsoft2019azure,
  author = {Microsoft},
  title = {Microsoft Azure Documentation},
  year = {2019},
  publisher = {GitHub},
  journal = {GitHub repository},
  howpublished = {\url{https://github.com/MicrosoftDocs/azure-docs}}
}

@misc{doccano2019,
  author = {Nakayama, Hiroki},
  title = {doccano},
  year = {2019},
  publisher = {GitHub},
  journal = {GitHub repository},
  howpublished = {\url{https://github.com/chakki-works/doccano}}
}

@InProceedings{bolden2006oh,
  author =              {Bolden, Galina B.},
  title = 	            {Little Words That Matter: Discourse Markers ``So'' and ``Oh'' and the Doing of Other-Attentiveness in Social Interaction},
  year =                {2006},
  journal =             {Journal of Communication 56},
  pages =               {661-668}
}

@InProceedings{ide2001oanc,
  author =              {Nancy Ide and Catherine Macleod},
  title = 	            {The American National Corpus: A Standardized Resource of American English},
  year =                {2001},
  journal =             {Proceedings of Corpus Linguistics},
  address =             {Lancaster, UK}
}

@article{le2014doc2vec,
  author    = {Quoc V. Le and
               Tomas Mikolov},
  title     = {Distributed Representations of Sentences and Documents},
  journal   = {CoRR},
  volume    = {abs/1405.4053},
  year      = {2014},
  url       = {http://arxiv.org/abs/1405.4053},
  archivePrefix = {arXiv}
}

@article{scikit-learn,
 title={Scikit-learn: Machine Learning in {P}ython},
 author={Pedregosa, F. and Varoquaux, G. and Gramfort, A. and Michel, V.
         and Thirion, B. and Grisel, O. and Blondel, M. and Prettenhofer, P.
         and Weiss, R. and Dubourg, V. and Vanderplas, J. and Passos, A. and
         Cournapeau, D. and Brucher, M. and Perrot, M. and Duchesnay, E.},
 journal={Journal of Machine Learning Research},
 volume={12},
 pages={2825--2830},
 year={2011}
}

@misc{chollet2015keras,
  title={Keras},
  author={Chollet, Fran\c{c}ois and others},
  year={2015},
  howpublished={\url{https://keras.io}},
}

@inproceedings{bird2009nltk,
  title={Natural language processing with Python},
  author={Bird, Steven and Loper, Edward and Klein, Ewan},
  year={2009},
  organization={O'Reilly Media Inc.}
}

@techreport{francis1979brown,
  author = {Francis, W. Nelson and Kucera, Henry},
  institution = {Department of Linguistics, Brown University, Providence, Rhode Island, US},
  title = {Brown Corpus Manual},
  year = 1979
}

@inproceedings{rehurek2010gensim,
      title = {{Software Framework for Topic Modelling with Large Corpora}},
      author = {Radim {\v R}eh{\r u}{\v r}ek and Petr Sojka},
      booktitle = {{Proceedings of the LREC 2010 Workshop on New
           Challenges for NLP Frameworks}},
      pages = {45--50},
      year = 2010,
      month = May,
      day = 22,
      publisher = {ELRA},
      address = {Valletta, Malta},
      note={\url{http://is.muni.cz/publication/884893/en}},
      language={English}
}

@unpublished{honnibal2017spacy,
    AUTHOR = {Honnibal, Matthew and Montani, Ines},
    TITLE  = {{spaCy 2}: Natural language understanding with {B}loom embeddings, convolutional neural networks and incremental parsing},
    YEAR   = {2017},
    Note   = {To appear}
}